@Manual{base,
  title = {R: A Language and Environment for Statistical Computing},
  author = {{R Core Team}},
  organization = {R Foundation for Statistical Computing},
  address = {Vienna, Austria},
  year = {2021},
  url = {https://www.R-project.org/},
}
@Manual{rmarkdown,
  title = {rmarkdown: Dynamic Documents for R},
  author = {JJ Allaire and Yihui Xie and Jonathan McPherson and Javier Luraschi and Kevin Ushey and Aron Atkins and Hadley Wickham and Joe Cheng and Winston Chang and Richard Iannone},
  year = {2021},
  note = {R package version 2.11},
  url = {https://github.com/rstudio/rmarkdown},
}

@Book{rmarkdown,
  title = {R Markdown: The Definitive Guide},
  author = {Yihui Xie and J.J. Allaire and Garrett Grolemund},
  publisher = {Chapman and Hall/CRC},
  address = {Boca Raton, Florida},
  year = {2018},
  note = {ISBN 9781138359338},
  url = {https://bookdown.org/yihui/rmarkdown},
}

@Book{rmarkdown,
  title = {R Markdown Cookbook},
  author = {Yihui Xie and Christophe Dervieux and Emily Riederer},
  publisher = {Chapman and Hall/CRC},
  address = {Boca Raton, Florida},
  year = {2020},
  note = {ISBN 9780367563837},
  url = {https://bookdown.org/yihui/rmarkdown-cookbook},
}
@Manual{knitr,
  title = {knitr: A General-Purpose Package for Dynamic Report Generation in R},
  author = {Yihui Xie},
  year = {2021},
  note = {R package version 1.36},
  url = {https://yihui.org/knitr/},
}

@Book{knitr,
  title = {Dynamic Documents with {R} and knitr},
  author = {Yihui Xie},
  publisher = {Chapman and Hall/CRC},
  address = {Boca Raton, Florida},
  year = {2015},
  edition = {2nd},
  note = {ISBN 978-1498716963},
  url = {https://yihui.org/knitr/},
}

@InCollection{knitr,
  booktitle = {Implementing Reproducible Computational Research},
  editor = {Victoria Stodden and Friedrich Leisch and Roger D. Peng},
  title = {knitr: A Comprehensive Tool for Reproducible Research in {R}},
  author = {Yihui Xie},
  publisher = {Chapman and Hall/CRC},
  year = {2014},
  note = {ISBN 978-1466561595},
  url = {http://www.crcpress.com/product/isbn/9781466561595},
}
@Article{tidyverse,
  title = {Welcome to the {tidyverse}},
  author = {Hadley Wickham and Mara Averick and Jennifer Bryan and Winston Chang and Lucy D'Agostino McGowan and Romain François and Garrett Grolemund and Alex Hayes and Lionel Henry and Jim Hester and Max Kuhn and Thomas Lin Pedersen and Evan Miller and Stephan Milton Bache and Kirill Müller and Jeroen Ooms and David Robinson and Dana Paige Seidel and Vitalie Spinu and Kohske Takahashi and Davis Vaughan and Claus Wilke and Kara Woo and Hiroaki Yutani},
  year = {2019},
  journal = {Journal of Open Source Software},
  volume = {4},
  number = {43},
  pages = {1686},
  doi = {10.21105/joss.01686},
}
@Manual{yaml,
  title = {yaml: Methods to Convert R Data to YAML and Back},
  author = {Jeremy Stephens and Kirill Simonov and Yihui Xie and Zhuoer Dong and Hadley Wickham and Jeffrey Horner and {reikoch} and Will Beasley and Brendan O'Connor and Gregory R. Warnes},
  year = {2020},
  note = {R package version 2.2.1},
  url = {https://CRAN.R-project.org/package=yaml},
}
@Manual{pagedown,
  title = {pagedown: Paginate the HTML Output of R Markdown with CSS for Print},
  author = {Yihui Xie and Romain Lesur and Brent Thorne and Xianying Tan},
  year = {2021},
  note = {R package version 0.15.6},
  url = {https://github.com/rstudio/pagedown},
}
@Manual{nomnoml,
  title = {nomnoml: Sassy 'UML' Diagrams},
  author = {Andrie {de Vries} and Javier Luraschi},
  year = {2020},
  note = {R package version 0.2.3},
  url = {https://CRAN.R-project.org/package=nomnoml},
}
@Manual{gmp,
  title = {gmp: Multiple Precision Arithmetic},
  author = {Antoine Lucas and Immanuel Scholz and Rainer Boehme and Sylvain Jasson and Martin Maechler},
  year = {2021},
  note = {R package version 0.6-2},
  url = {https://CRAN.R-project.org/package=gmp},
}
@Manual{titanic,
  title = {titanic: Titanic Passenger Survival Data Set},
  author = {Paul Hendricks},
  year = {2015},
  note = {R package version 0.1.0},
  url = {https://CRAN.R-project.org/package=titanic},
}
@Article{lubridate,
  title = {Dates and Times Made Easy with {lubridate}},
  author = {Garrett Grolemund and Hadley Wickham},
  journal = {Journal of Statistical Software},
  year = {2011},
  volume = {40},
  number = {3},
  pages = {1--25},
  url = {https://www.jstatsoft.org/v40/i03/},
}
@Manual{flextable,
  title = {flextable: Functions for Tabular Reporting},
  author = {David Gohel},
  year = {2021},
  note = {R package version 0.6.8},
  url = {https://CRAN.R-project.org/package=flextable},
}
@Manual{DiagrammeR,
  title = {DiagrammeR: Graph/Network Visualization},
  author = {Richard Iannone},
  year = {2020},
  note = {R package version 1.0.6.1},
  url = {https://CRAN.R-project.org/package=DiagrammeR},
}
@Manual{DiagrammeRsvg,
  title = {DiagrammeRsvg: Export DiagrammeR Graphviz Graphs as SVG},
  author = {Richard Iannone},
  year = {2016},
  note = {R package version 0.1},
  url = {https://CRAN.R-project.org/package=DiagrammeRsvg},
}
@Book{plotly,
  author = {Carson Sievert},
  title = {Interactive Web-Based Data Visualization with R, plotly, and shiny},
  publisher = {Chapman and Hall/CRC},
  year = {2020},
  isbn = {9781138331457},
  url = {https://plotly-r.com},
}
@Manual{gghalves,
  title = {gghalves: Compose Half-Half Plots Using Your Favourite Geoms},
  author = {Frederik Tiedemann},
  year = {2020},
  note = {R package version 0.1.1},
  url = {https://CRAN.R-project.org/package=gghalves},
}
@Manual{here,
  title = {here: A Simpler Way to Find Your Files},
  author = {Kirill Müller},
  year = {2020},
  note = {R package version 1.0.1},
  url = {https://CRAN.R-project.org/package=here},
}
@Manual{patchwork,
  title = {patchwork: The Composer of Plots},
  author = {Thomas Lin Pedersen},
  year = {2020},
  note = {R package version 1.1.1},
  url = {https://CRAN.R-project.org/package=patchwork},
}
@Manual{scales,
  title = {scales: Scale Functions for Visualization},
  author = {Hadley Wickham and Dana Seidel},
  year = {2020},
  note = {R package version 1.1.1},
  url = {https://CRAN.R-project.org/package=scales},
}
@Article{coda,
  title = {CODA: Convergence Diagnosis and Output Analysis for MCMC},
  author = {Martyn Plummer and Nicky Best and Kate Cowles and Karen Vines},
  journal = {R News},
  year = {2006},
  volume = {6},
  number = {1},
  pages = {7--11},
  url = {https://journal.r-project.org/archive/},
  pdf = {https://www.r-project.org/doc/Rnews/Rnews_2006-1.pdf},
}
@Manual{parallel,
  title = {R: A Language and Environment for Statistical Computing},
  author = {{R Core Team}},
  organization = {R Foundation for Statistical Computing},
  address = {Vienna, Austria},
  year = {2021},
  url = {https://www.R-project.org/},
}
@Manual{rjags,
  title = {rjags: Bayesian Graphical Models using MCMC},
  author = {Martyn Plummer},
  year = {2021},
  note = {R package version 4-12},
  url = {https://CRAN.R-project.org/package=rjags},
}
@Misc{rstan,
  title = {{RStan}: the {R} interface to {Stan}},
  author = {{Stan Development Team}},
  note = {R package version 2.21.2},
  year = {2020},
  url = {http://mc-stan.org/},
}
@Article{runjags,
  title = {{runjags}: An {R} Package Providing Interface Utilities, Model Templates, Parallel Computing Methods and Additional Distributions for {MCMC} Models in {JAGS}},
  author = {Matthew J. Denwood},
  journal = {Journal of Statistical Software},
  year = {2016},
  volume = {71},
  number = {9},
  pages = {1--25},
  doi = {10.18637/jss.v071.i09},
}
@Book{ggplot2,
  author = {Hadley Wickham},
  title = {ggplot2: Elegant Graphics for Data Analysis},
  publisher = {Springer-Verlag New York},
  year = {2016},
  isbn = {978-3-319-24277-4},
  url = {https://ggplot2.tidyverse.org},
}
@Article{RefManageR,
  author = {Mathew William McLean},
  title = {RefManageR: Import and Manage BibTeX and BibLaTeX References in R},
  journal = {The Journal of Open Source Software},
  year = {2017},
  doi = {10.21105/joss.00338},
}

@Manual{RefManageR,
  author = {Mathew William McLean},
  title = {Straightforward Bibliography Management in R Using the RefManager Package},
  note = {arXiv: 1403.2036 [cs.DL]},
  year = {2014},
  url = {https://arxiv.org/abs/1403.2036},
}
@Manual{ggExtra,
  title = {ggExtra: Add Marginal Histograms to 'ggplot2', and More 'ggplot2'
Enhancements},
  author = {Dean Attali and Christopher Baker},
  year = {2019},
  note = {R package version 0.9},
  url = {https://CRAN.R-project.org/package=ggExtra},
}
@Misc{rstanarm,
  title = {rstanarm: {Bayesian} applied regression modeling via {Stan}.},
  author = {Ben Goodrich and Jonah Gabry and Imad Ali and Sam Brilleman},
  note = {R package version 2.21.1},
  year = {2020},
  url = {https://mc-stan.org/rstanarm},
}

@Misc{rstanarm,
  title = {Joint longitudinal and time-to-event models via {Stan}.},
  author = {SL Brilleman and MJ Crowther and M Moreno-Betancur and J {Buros Novik} and R Wolfe},
  note = {StanCon 2018. 10-12 Jan 2018. Pacific Grove, CA, USA.},
  url = {https://github.com/stan-dev/stancon_talks/},
  year = {2018},
}
@Manual{rstatix,
  title = {rstatix: Pipe-Friendly Framework for Basic Statistical Tests},
  author = {Alboukadel Kassambara},
  year = {2021},
  note = {R package version 0.7.0},
  url = {https://CRAN.R-project.org/package=rstatix},
}
@Manual{figpatch,
  title = {figpatch: Easily Arrange External Figures with Patchwork Alongside
'ggplot2' Figures},
  author = {Brady Johnston},
  year = {2021},
  note = {R package version 0.1.0.1},
  url = {https://CRAN.R-project.org/package=figpatch},
}
@Manual{hexbin,
  title = {hexbin: Hexagonal Binning Routines},
  author = {Dan Carr and ported by Nicholas Lewin-Koh and Martin Maechler and contains copies of lattice functions written by Deepayan Sarkar},
  year = {2021},
  note = {R package version 1.28.2},
  url = {https://CRAN.R-project.org/package=hexbin},
}
@Manual{faux,
  title = {faux: Simulation for Factorial Designs},
  author = {Lisa DeBruine},
  doi = {10.5281/zenodo.2669586},
  publisher = {Zenodo},
  year = {2021},
  note = {R package version 1.1.0},
  url = {https://debruine.github.io/faux/},
}
@Manual{gt,
  title = {gt: Easily Create Presentation-Ready Display Tables},
  author = {Richard Iannone and Joe Cheng and Barret Schloerke},
  year = {2021},
  note = {R package version 0.3.1},
  url = {https://CRAN.R-project.org/package=gt},
}
@Manual{latex2exp,
  title = {latex2exp: Use LaTeX Expressions in Plots},
  author = {Stefano Meschiari},
  year = {2021},
  note = {R package version 0.5.0},
  url = {https://CRAN.R-project.org/package=latex2exp},
}
@Manual{rethinking,
  title = {rethinking: Statistical Rethinking book package},
  author = {Richard McElreath},
  year = {2020},
  note = {R package version 2.13},
}
@Misc{bayesplot,
  title = {bayesplot: Plotting for Bayesian Models},
  author = {Jonah Gabry and Tristan Mahr},
  year = {2021},
  note = {R package version 1.8.1},
  url = {https://mc-stan.org/bayesplot/},
}

@Article{bayesplot,
  title = {Visualization in Bayesian workflow},
  author = {Jonah Gabry and Daniel Simpson and Aki Vehtari and Michael Betancourt and Andrew Gelman},
  year = {2019},
  journal = {J. R. Stat. Soc. A},
  volume = {182},
  issue = {2},
  pages = {389-402},
  doi = {10.1111/rssa.12378},
}
@Article{bayestestR,
  title = {bayestestR: Describing Effects and their Uncertainty, Existence and Significance within the Bayesian Framework.},
  author = {Dominique Makowski and Mattan S. Ben-Shachar and Daniel Lüdecke},
  journal = {Journal of Open Source Software},
  doi = {10.21105/joss.01541},
  year = {2019},
  number = {40},
  volume = {4},
  pages = {1541},
  url = {https://joss.theoj.org/papers/10.21105/joss.01541},
}
@Manual{tidybayes,
  title = {{tidybayes}: Tidy Data and Geoms for {Bayesian} Models},
  author = {Matthew Kay},
  year = {2021},
  note = {R package version 3.0.1},
  url = {http://mjskay.github.io/tidybayes/},
  doi = {10.5281/zenodo.1308151},
}
@Manual{openintro,
  title = {openintro: Data Sets and Supplemental Functions from 'OpenIntro' Textbooks
and Labs},
  author = {Mine Çetinkaya-Rundel and David Diez and Andrew Bray and Albert Y. Kim and Ben Baumer and Chester Ismay and Nick Paterno and Christopher Barr},
  year = {2021},
  note = {R package version 2.2.0},
  url = {https://CRAN.R-project.org/package=openintro},
}
@Manual{emojifont,
  title = {emojifont: Emoji and Font Awesome in Graphics},
  author = {Guangchuang Yu},
  year = {2021},
  note = {R package version 0.5.5},
  url = {https://CRAN.R-project.org/package=emojifont},
}
@Manual{purrr,
  title = {purrr: Functional Programming Tools},
  author = {Lionel Henry and Hadley Wickham},
  year = {2020},
  note = {R package version 0.3.4},
  url = {https://CRAN.R-project.org/package=purrr},
}
@Manual{rprojroot,
  title = {rprojroot: Finding Files in Project Subdirectories},
  author = {Kirill Müller},
  year = {2020},
  note = {R package version 2.0.2},
  url = {https://CRAN.R-project.org/package=rprojroot},
}
@Manual{xaringanthemer,
  title = {xaringanthemer: Custom 'xaringan' CSS Themes},
  author = {Garrick Aden-Buie},
  year = {2021},
  note = {R package version 0.3.4},
  url = {https://CRAN.R-project.org/package=xaringanthemer},
}
@Manual{xaringanExtra,
  title = {xaringanExtra: Extras And Extensions for Xaringan Slides},
  author = {Garrick Aden-Buie and Matthew T. Warkentin},
  year = {2021},
  note = {R package version 0.4.3},
  url = {https://github.com/gadenbuie/xaringanExtra},
}
@Manual{icons,
  title = {icons: SVG Icons for R Documents and Apps},
  author = {Mitchell O'Hara-Wild},
  year = {2021},
  note = {https://pkg.mitchelloharawild.com/icons/,
https://github.com/mitchelloharawild/icons},
}
@Manual{ggridges,
  title = {ggridges: Ridgeline Plots in 'ggplot2'},
  author = {Claus O. Wilke},
  year = {2021},
  note = {R package version 0.5.3},
  url = {https://CRAN.R-project.org/package=ggridges},
}
@Manual{forcats,
  title = {forcats: Tools for Working with Categorical Variables (Factors)},
  author = {Hadley Wickham},
  year = {2021},
  note = {R package version 0.5.1},
  url = {https://CRAN.R-project.org/package=forcats},
}
@Article{dagitty,
  title = {Robust causal inference using directed acyclic graphs: the R package 'dagitty'},
  journal = {International Journal of Epidemiology},
  author = {Johannes Textor and Benito {van der Zander} and Mark S Gilthorpe and Maciej Liśkiewicz and George TH Ellison},
  volume = {45},
  number = {6},
  pages = {1887--1894},
  year = {2016},
  doi = {10.1093/ije/dyw341},
}
@Manual{tibble,
  title = {tibble: Simple Data Frames},
  author = {Kirill Müller and Hadley Wickham},
  year = {2021},
  note = {R package version 3.1.5},
  url = {https://CRAN.R-project.org/package=tibble},
}
@Manual{tictoc,
  title = {tictoc: Functions for Timing R Scripts, as Well as Implementations of
Stack and List Structures},
  author = {Sergei Izrailev},
  year = {2021},
  note = {R package version 1.0.1},
  url = {https://CRAN.R-project.org/package=tictoc},
}
@Manual{ggplot2movies,
  title = {ggplot2movies: Movies Data},
  author = {Hadley Wickham},
  year = {2015},
  note = {R package version 0.0.1},
  url = {https://CRAN.R-project.org/package=ggplot2movies},
}
@Manual{ggdag,
  title = {ggdag: Analyze and Create Elegant Directed Acyclic Graphs},
  author = {Malcolm Barrett},
  year = {2021},
  note = {R package version 0.2.3},
  url = {https://CRAN.R-project.org/package=ggdag},
}
@Manual{kableExtra,
  title = {kableExtra: Construct Complex Table with 'kable' and Pipe Syntax},
  author = {Hao Zhu},
  year = {2021},
  note = {R package version 1.3.4},
  url = {https://CRAN.R-project.org/package=kableExtra},
}
@Manual{xaringan,
  title = {xaringan: Presentation Ninja},
  author = {Yihui Xie},
  year = {2021},
  note = {R package version 0.22},
  url = {https://CRAN.R-project.org/package=xaringan},
}
@Manual{grateful,
  title = {grateful: Facilitate citation of R packages},
  author = {Francisco Rodríguez-Sánchez and Shaurita D. Hutchins},
  note = {R package version 0.0.2},
  year = {2020},
  url = {https://github.com/Pakillo/grateful},
}
@Manual{cli,
  title = {cli: Helpers for Developing Command Line Interfaces},
  author = {Gábor Csárdi},
  year = {2021},
  note = {R package version 3.0.1},
  url = {https://CRAN.R-project.org/package=cli},
}
@Manual{DT,
  title = {DT: A Wrapper of the JavaScript Library 'DataTables'},
  author = {Yihui Xie and Joe Cheng and Xianying Tan},
  year = {2021},
  note = {R package version 0.19.1},
  url = {https://github.com/rstudio/DT},
}
